@misc{robot,
	author = {Robot Framework Foundation},
	title = "{Robot Framework}",
	year = 2016,
	howpublished = "\url{http://robotframework.org/robotframework/3.1.1/RobotFrameworkUserGuide.html}",
	note = "Last accessed 2019-02-11"
}
